% Optimal taxation
@article{mirrlees1971exploration,
  title     = {An exploration in the theory of optimum income taxation},
  author    = {Mirrlees, James A},
  journal   = {The review of economic studies},
  volume    = {38},
  number    = {2},
  pages     = {175--208},
  year      = {1971},
  publisher = {JSTOR}
}

@article{saez2001using,
  title     = {Using elasticities to derive optimal income tax rates},
  author    = {Saez, Emmanuel},
  journal   = {The review of economic studies},
  volume    = {68},
  number    = {1},
  pages     = {205--229},
  year      = {2001},
  publisher = {Wiley-Blackwell}
}

@article{diamond1998optimal,
  title     = {Optimal income taxation: an example with a U-shaped pattern of optimal marginal tax rates},
  author    = {Diamond, Peter A},
  journal   = {American Economic Review},
  pages     = {83--95},
  year      = {1998},
  publisher = {JSTOR}
}

% Return Shocks
@article{benhabib2011distribution,
  title     = {The distribution of wealth and fiscal policy in economies with finitely lived agents},
  author    = {Benhabib, Jess and Bisin, Alberto and Zhu, Shenghao},
  journal   = {Econometrica},
  volume    = {79},
  number    = {1},
  pages     = {123--157},
  year      = {2011},
  publisher = {Wiley Online Library}
}

@article{benhabib2015wealth,
  title     = {The wealth distribution in Bewley economies with capital income risk},
  author    = {Benhabib, Jess and Bisin, Alberto and Zhu, Shenghao},
  journal   = {Journal of Economic Theory},
  volume    = {159},
  pages     = {489--515},
  year      = {2015},
  publisher = {Elsevier}
}

@article{benhabib2019wealth,
  title   = {Wealth distribution and social mobility in the US: A quantitative approach},
  author  = {Benhabib, Jess and Bisin, Alberto and Luo, Mi},
  journal = {American Economic Review},
  volume  = {109},
  number  = {5},
  pages   = {1623--47},
  year    = {2019}
}

@article{gabaix2016dynamics,
  title     = {The dynamics of inequality},
  author    = {Gabaix, Xavier and Lasry, Jean-Michel and Lions, Pierre-Louis and Moll, Benjamin},
  journal   = {Econometrica},
  volume    = {84},
  number    = {6},
  pages     = {2071--2111},
  year      = {2016},
  publisher = {Wiley Online Library}
}

@article{kasa2018risk,
  title     = {Risk, uncertainty, and the dynamics of inequality},
  author    = {Kasa, Kenneth and Lei, Xiaowen},
  journal   = {Journal of Monetary Economics},
  volume    = {94},
  pages     = {60--78},
  year      = {2018},
  publisher = {Elsevier}
}

% Inequality in Heterogeneous Agent Economies
@article{huggett1996wealth,
  title     = {Wealth distribution in life-cycle economies},
  author    = {Huggett, Mark},
  journal   = {Journal of Monetary Economics},
  volume    = {38},
  number    = {3},
  pages     = {469--494},
  year      = {1996},
  publisher = {North-Holland}
}

@article{aiyagari1994uninsured,
  title     = {Uninsured idiosyncratic risk and aggregate saving},
  author    = {Aiyagari, S Rao},
  journal   = {The Quarterly Journal of Economics},
  volume    = {109},
  number    = {3},
  pages     = {659--684},
  year      = {1994},
  publisher = {MIT Press}
}

@article{floden2001idiosyncratic,
  title     = {Idiosyncratic risk in the United States and Sweden: Is there a role for government insurance?},
  author    = {Floden, Martin and Lind{\'e}, Jesper},
  journal   = {Review of Economic dynamics},
  volume    = {4},
  number    = {2},
  pages     = {406--437},
  year      = {2001},
  publisher = {Elsevier}
}

% Capital/cap income tax
@book{saez2019triumph,
  title     = {The triumph of injustice: How the rich dodge taxes and how to make them pay},
  author    = {Saez, Emmanuel and Zucman, Gabriel},
  year      = {2019},
  publisher = {WW Norton \& Company}
}

@article{feldstein1978welfare,
  title     = {The welfare cost of capital income taxation},
  author    = {Feldstein, Martin},
  journal   = {Journal of Political Economy},
  volume    = {86},
  number    = {2, Part 2},
  pages     = {S29--S51},
  year      = {1978},
  publisher = {The University of Chicago Press}
}

@article{golosov2006new,
  title     = {New Dynamic Public Finance: A User's Guide [with Comments and Discussion]},
  author    = {Golosov, Mikhail and Tsyvinski, Aleh and Werning, Ivan and Diamond, Peter and Judd, Kenneth L},
  journal   = {NBER macroeconomics annual},
  volume    = {21},
  pages     = {317--387},
  year      = {2006},
  publisher = {MIT Press}
}

@article{golosov2003optimal,
  title     = {Optimal indirect and capital taxation},
  author    = {Golosov, Mikhail and Kocherlakota, Narayana and Tsyvinski, Aleh},
  journal   = {The Review of Economic Studies},
  volume    = {70},
  number    = {3},
  pages     = {569--587},
  year      = {2003},
  publisher = {Wiley-Blackwell}
}

@article{albanesi2006dynamic,
  title={Dynamic optimal taxation with private information},
  author={Albanesi, Stefania and Sleet, Christopher},
  journal={The Review of Economic Studies},
  volume={73},
  number={1},
  pages={1--30},
  year={2006},
  publisher={Wiley-Blackwell}
}

% Nonpecuniary motives 
@article{genicot2017aspirations,
  title     = {Aspirations and inequality},
  author    = {Genicot, Garance and Ray, Debraj},
  journal   = {Econometrica},
  volume    = {85},
  number    = {2},
  pages     = {489--519},
  year      = {2017},
  publisher = {Wiley Online Library}
}