@article{genicot_ray2017,
  title={Aspirations and inequality},
  author={Genicot, Garance and Ray, Debraj},
  journal={Econometrica},
  volume={85},
  number={2},
  pages={489--519},
  year={2017},
  publisher={Wiley Online Library},
}

@article{stark2006,
	title={Status aspirations, wealth inequality, and economic growth},
	author={Stark, Oded},
	year={2006},
	journal={Review of Development Economics},
	volume={10},
	number={1},
	pages={171--176},
	publisher={Wiley Online Library},
}

@article{genicot2009,
	title={Aspirations, inequality, investment and mobility},
	author={Genicot, Garance and Ray, Debraj},
	journal={Georgetown University and New York University, mimeo},
	year={2009},
}

@article{besley2016,
	title={Aspirations and the political economy of inequality},
	author={Besley, Timothy},
	journal={Oxford Economic Papers},
	volume={69},
	number={1},
	pages={1--35},
	year={2016},
	publisher={Oxford University Press},
}

@article{ray2012,
	title={Status, Intertemporal Choice, and Risk-Taking},
	author={Ray, Debraj and Robson, Arthur},
	journal={Econometrica},
	volume={80},
	number={4},
	pages={1505--1531},
	year={2012},
	publisher={Wiley Online Library},
}

@article{caballero1991,
	title={Earnings uncertainty and aggregate wealth accumulation},
	author={Caballero, Ricardo J},
	journal={The American Economic Review},
	pages={859--871},
	year={1991},
	publisher={JSTOR},
}

@article{bernheim1986,
	title={The strategic bequest motive},
	author={Bernheim, B Douglas and Shleifer, Andrei and Summers, Lawrence H},
	journal={Journal of labor Economics},
	volume={4},
	number={3, Part 2},
	pages={S151--S182},
	year={1986},
	publisher={University of Chicago Press},
}

@article{cagetti2003,
	title={Wealth accumulation over the life cycle and precautionary savings},
	author={Cagetti, Marco},
	journal={Journal of Business \& Economic Statistics},
	volume={21},
	number={3},
	pages={339--353},
	year={2003},
	publisher={Taylor \& Francis},
}

@techreport{hubbard1993,
	title={The importance of precautionary motives in explaining individual and aggregate saving},
	author={Hubbard, R Glenn and Skinner, Jonathan and Zeldes, Stephen P},
	year={1993},
	institution={National Bureau of Economic Research},
}

@article{kennickell2003,
	title={Wealth accumulation and the importance of precautionary savings},
	author={Kennickell, Arthur and Lusardi, Annamaria},
	journal={Dartmouth College},
	year={2003},
}

@article{lusardi1998,
	title={On the importance of the precautionary saving motive},
	author={Lusardi, Annamaria},
	journal={The American Economic Review},
	volume={88},
	number={2},
	pages={449--453},
	year={1998},
	publisher={JSTOR},
}

@article{kessler1989,
	title={Bequest and wealth accumulation: are some pieces of the puzzle missing?},
	author={Kessler, Denis and Masson, Andre},
	journal={Journal of Economic Perspectives},
	volume={3},
	number={3},
	pages={141--152},
	year={1989},
}

@article{behrman2010,
	title={Financial Literacy, Schooling, and Wealth Accumulation. NBER Working Paper No. 16452.},
	author={Behrman, Jere R and Mitchell, Olivia S and Soo, Cindy and Bravo, David},
	journal={National Bureau of Economic Research},
	year={2010},
	publisher={ERIC},
}