% Optimal taxation
@article{aiyagari1994uninsured,
  title     = {Uninsured idiosyncratic risk and aggregate saving},
  author    = {Aiyagari, S Rao},
  journal   = {The Quarterly Journal of Economics},
  volume    = {109},
  number    = {3},
  pages     = {659--684},
  year      = {1994},
  publisher = {MIT Press}
}

@article{albanesi2006dynamic,
  title     = {Dynamic optimal taxation with private information},
  author    = {Albanesi, Stefania and Sleet, Christopher},
  journal   = {The Review of Economic Studies},
  volume    = {73},
  number    = {1},
  pages     = {1--30},
  year      = {2006},
  publisher = {Wiley-Blackwell}
}

@article{atkinson1976design,
  title     = {The design of tax structure: direct versus indirect taxation},
  author    = {Atkinson, Anthony Barnes and Stiglitz, Joseph E},
  journal   = {Journal of public Economics},
  volume    = {6},
  number    = {1-2},
  pages     = {55--75},
  year      = {1976},
  publisher = {Elsevier}
}

@article{benhabib2011distribution,
  title     = {The distribution of wealth and fiscal policy in economies with finitely lived agents},
  author    = {Benhabib, Jess and Bisin, Alberto and Zhu, Shenghao},
  journal   = {Econometrica},
  volume    = {79},
  number    = {1},
  pages     = {123--157},
  year      = {2011},
  publisher = {Wiley Online Library}
}

@article{benhabib2015wealth,
  title     = {The wealth distribution in Bewley economies with capital income risk},
  author    = {Benhabib, Jess and Bisin, Alberto and Zhu, Shenghao},
  journal   = {Journal of Economic Theory},
  volume    = {159},
  pages     = {489--515},
  year      = {2015},
  publisher = {Elsevier}
}

@article{benhabib2019wealth,
  title   = {Wealth distribution and social mobility in the US: A quantitative approach},
  author  = {Benhabib, Jess and Bisin, Alberto and Luo, Mi},
  journal = {American Economic Review},
  volume  = {109},
  number  = {5},
  pages   = {1623--47},
  year    = {2019}
}

@article{chamley1986optimal,
  title     = {Optimal taxation of capital income in general equilibrium with infinite lives},
  author    = {Chamley, Christophe},
  journal   = {Econometrica: Journal of the Econometric Society},
  pages     = {607--622},
  year      = {1986},
  publisher = {JSTOR}
}

@article{diamond1998optimal,
  title     = {Optimal income taxation: an example with a U-shaped pattern of optimal marginal tax rates},
  author    = {Diamond, Peter A},
  journal   = {American Economic Review},
  pages     = {83--95},
  year      = {1998},
  publisher = {JSTOR}
}

@article{dixit1977monopolistic,
  title     = {Monopolistic competition and optimum product diversity},
  author    = {Dixit, Avinash K and Stiglitz, Joseph E},
  journal   = {The American economic review},
  volume    = {67},
  number    = {3},
  pages     = {297--308},
  year      = {1977},
  publisher = {JSTOR}
}

@article{farhi2013insurance,
  title     = {Insurance and taxation over the life cycle},
  author    = {Farhi, Emmanuel and Werning, Iv{\'a}n},
  journal   = {Review of Economic Studies},
  volume    = {80},
  number    = {2},
  pages     = {596--635},
  year      = {2013},
  publisher = {Oxford University Press}
}

% Return Shocks
@article{feldstein1978welfare,
  title     = {The welfare cost of capital income taxation},
  author    = {Feldstein, Martin},
  journal   = {Journal of Political Economy},
  volume    = {86},
  number    = {2, Part 2},
  pages     = {S29--S51},
  year      = {1978},
  publisher = {The University of Chicago Press}
}

@article{floden2001idiosyncratic,
  title     = {Idiosyncratic risk in the United States and Sweden: Is there a role for government insurance?},
  author    = {Floden, Martin and Lind{\'e}, Jesper},
  journal   = {Review of Economic dynamics},
  volume    = {4},
  number    = {2},
  pages     = {406--437},
  year      = {2001},
  publisher = {Elsevier}
}

@article{gabaix2016dynamics,
  title     = {The dynamics of inequality},
  author    = {Gabaix, Xavier and Lasry, Jean-Michel and Lions, Pierre-Louis and Moll, Benjamin},
  journal   = {Econometrica},
  volume    = {84},
  number    = {6},
  pages     = {2071--2111},
  year      = {2016},
  publisher = {Wiley Online Library}
}

@article{genicot2017aspirations,
  title     = {Aspirations and inequality},
  author    = {Genicot, Garance and Ray, Debraj},
  journal   = {Econometrica},
  volume    = {85},
  number    = {2},
  pages     = {489--519},
  year      = {2017},
  publisher = {Wiley Online Library}
}

@article{gerritsen2020optimal,
  title     = {Optimal taxation of capital income with heterogeneous rates of return},
  author    = {Gerritsen, Aart and Jacobs, Bas and Rusu, Alexandra Victoria and Spiritus, Kevin},
  year      = {2020},
  publisher = {CESifo Working Paper}
}

% Inequality in Heterogeneous Agent Economies
@article{golosov2003optimal,
  title     = {Optimal indirect and capital taxation},
  author    = {Golosov, Mikhail and Kocherlakota, Narayana and Tsyvinski, Aleh},
  journal   = {The Review of Economic Studies},
  volume    = {70},
  number    = {3},
  pages     = {569--587},
  year      = {2003},
  publisher = {Wiley-Blackwell}
}

@article{golosov2006new,
  title     = {New Dynamic Public Finance: A User's Guide [with Comments and Discussion]},
  author    = {Golosov, Mikhail and Tsyvinski, Aleh and Werning, Ivan and Diamond, Peter and Judd, Kenneth L},
  journal   = {NBER macroeconomics annual},
  volume    = {21},
  pages     = {317--387},
  year      = {2006},
  publisher = {MIT Press}
}

@techreport{guvenen2019use,
  title       = {Use it or lose it: Efficiency gains from wealth taxation},
  author      = {Guvenen, Fatih and Kambourov, Gueorgui and Kuruscu, Burhanettin and Ocampo-Diaz, Sergio and Chen, Daphne},
  year        = {2019},
  institution = {National Bureau of Economic Research}
}

@techreport{hubmer2016historical,
  title       = {The historical evolution of the wealth distribution: A quantitative-theoretic investigation},
  author      = {Hubmer, Joachim and Krusell, Per and Smith Jr, Anthony A},
  year        = {2016},
  institution = {National Bureau of Economic Research}
}

@article{huggett1996wealth,
  title     = {Wealth distribution in life-cycle economies},
  author    = {Huggett, Mark},
  journal   = {Journal of Monetary Economics},
  volume    = {38},
  number    = {3},
  pages     = {469--494},
  year      = {1996},
  publisher = {North-Holland}
}

@article{jewitt1988justifying,
  title     = {Justifying the first-order approach to principal-agent problems},
  author    = {Jewitt, Ian},
  journal   = {Econometrica: Journal of the Econometric Society},
  pages     = {1177--1190},
  year      = {1988},
  publisher = {JSTOR}
}

@techreport{judd1982redistributive,
  title       = {Redistributive taxation in a simple perfect foresight model},
  author      = {Judd, Kenneth L},
  year        = {1982},
  institution = {Discussion Paper}
}

@article{kasa2018risk,
  title     = {Risk, uncertainty, and the dynamics of inequality},
  author    = {Kasa, Kenneth and Lei, Xiaowen},
  journal   = {Journal of Monetary Economics},
  volume    = {94},
  pages     = {60--78},
  year      = {2018},
  publisher = {Elsevier}
}

@article{kocherlakota2005zero,
  title     = {Zero expected wealth taxes: A Mirrlees approach to dynamic optimal taxation},
  author    = {Kocherlakota, Narayana R},
  journal   = {Econometrica},
  volume    = {73},
  number    = {5},
  pages     = {1587--1621},
  year      = {2005},
  publisher = {Wiley Online Library}
}

@book{kocherlakota2010new,
  title     = {The new dynamic public finance},
  author    = {Kocherlakota, Narayana R},
  year      = {2010},
  publisher = {Princeton University Press}
}

@article{lucas1978size,
  title     = {On the size distribution of business firms},
  author    = {Lucas, Robert E},
  journal   = {The Bell Journal of Economics},
  pages     = {508--523},
  year      = {1978},
  publisher = {JSTOR}
}

% Distribution
@article{mirrlees1971exploration,
  title     = {An exploration in the theory of optimum income taxation},
  author    = {Mirrlees, James A},
  journal   = {The review of economic studies},
  volume    = {38},
  number    = {2},
  pages     = {175--208},
  year      = {1971},
  publisher = {JSTOR}
}

@misc{paradisi_notes,
  author = {Matteo Paradisi},
  title  = {Economics 2450A: Public Economics (Lecture Notes)},
  year   = {2016}
}

@article{park2014optimal,
  title     = {Optimal taxation in a limited commitment economy},
  author    = {Park, Yena},
  journal   = {Review of Economic Studies},
  volume    = {81},
  number    = {2},
  pages     = {884--918},
  year      = {2014},
  publisher = {Oxford University Press}
}

@article{phelan2019business,
  title   = {The Optimal Taxation of Business Owners},
  author  = {Phelan, Thomas},
  journal = {Federal Reserve Bank of Cleveland Working Papers},
  number  = {WP 19-26},
  year    = {2019}
}

@article{phelan2019differential,
  title     = {On the Optimality of Differential Asset Taxation},
  author    = {Phelan, Thomas},
  year      = {2019},
  publisher = {FRB of Cleveland Working Paper}
}

@article{phelan2021optimal,
  title     = {The Optimal Taxation of Business Owners},
  author    = {Phelan, Thomas},
  year      = {2021},
  publisher = {FRB of Cleveland Working Paper}
}

@article{quadrini2000entrepreneurship,
  title     = {Entrepreneurship, saving, and social mobility},
  author    = {Quadrini, Vincenzo},
  journal   = {Review of economic dynamics},
  volume    = {3},
  number    = {1},
  pages     = {1--40},
  year      = {2000},
  publisher = {Elsevier}
}

@article{reed2004double,
  title     = {The double Pareto-lognormal distributionâ€”a new parametric model for size distributions},
  author    = {Reed, William J and Jorgensen, Murray},
  journal   = {Communications in Statistics-Theory and Methods},
  volume    = {33},
  number    = {8},
  pages     = {1733--1753},
  year      = {2004},
  publisher = {Taylor \& Francis}
}

@article{rogerson1985first,
  title     = {The first-order approach to principal-agent problems},
  author    = {Rogerson, William P},
  journal   = {Econometrica: Journal of the Econometric Society},
  pages     = {1357--1367},
  year      = {1985},
  publisher = {JSTOR}
}

@article{saez2001using,
  title     = {Using elasticities to derive optimal income tax rates},
  author    = {Saez, Emmanuel},
  journal   = {The review of economic studies},
  volume    = {68},
  number    = {1},
  pages     = {205--229},
  year      = {2001},
  publisher = {Wiley-Blackwell}
}

@book{saez2019triumph,
  title     = {The triumph of injustice: How the rich dodge taxes and how to make them pay},
  author    = {Saez, Emmanuel and Zucman, Gabriel},
  year      = {2019},
  publisher = {WW Norton \& Company}
}

@book{salanie2011economics,
  title     = {The economics of taxation},
  author    = {Salanie, Bernard},
  year      = {2011},
  publisher = {MIT press}
}

@techreport{shourideh2014optimal,
  title       = {Optimal taxation of wealthy individuals},
  author      = {Shourideh, Ali},
  year        = {2014},
  institution = {Working paper}
}